<?xml version="1.0" encoding="UTF-8"?><record xmlns="http://www.loc.gov/MARC21/slim" xmlns:cinclude="http://apache.org/cocoon/include/1.0" xmlns:zs="http://www.loc.gov/zing/srw/">
  <leader>00542cz  a2200121n  4500</leader>
  <controlfield tag="001">n  90601746 </controlfield>
  <controlfield tag="003">DLC</controlfield>
  <controlfield tag="005">19910110174652.6</controlfield>
  <controlfield tag="008">900110n| acannaab|          |n and |||  </controlfield>
  <datafield tag="010" ind1=" " ind2=" ">
    <subfield code="a">n  90601746 </subfield>
  </datafield>
  <datafield tag="040" ind1=" " ind2=" ">
    <subfield code="a">DLC</subfield>
    <subfield code="c">DLC</subfield>
    <subfield code="d">OCoLC</subfield>
  </datafield>
  <datafield tag="110" ind1="2" ind2="0">
    <subfield code="a">Biblioteca Nacional (Spain).</subfield>
    <subfield code="k">Manuscript.</subfield>
    <subfield code="n">18745</subfield>
  </datafield>
  <datafield tag="670" ind1=" " ind2=" ">
    <subfield code="a">nuc90-2260: Mantilla R., L.C. OriĚgen de las misiones franciscanas ... 1985</subfield>
    <subfield code="b">(hdg. on TxU rept.: Spain. Biblioteca Nacional. Manuscript. 18745; usage in cataloger's note: ... untitled ms. ... held by the Biblioteca Nacional in Madrid with no. 18745)</subfield>
  </datafield>
</record>